@book{1,
  author       = "Wikipedia",
  title        = "Квадрокоптер Parrot ARDrone",
  howpublished = "Википедия, свободная энциклопедия",
  year         = 2012,
  url          = {https://ru.wikipedia.org/wiki/Parrot_AR.Drone},
  urldate      = "08.04.2013",
  language     = "russian"
}

@book{Gurg,
  author    = "N.L.M. Jeurgens and dr. ir. A.A.J. Lefeber",
  title     = "Identification and Control Implementation
of an AR.Drone 2.0",
  address   = "М.",
  publisher = "Science Magazine",
  year      = 2017,
  language  = "english"
}

@book{Parrot,
  author    = "Parrot Company",
  title     = "AR.Drone Developer Guide",
  address   = "М.",
  editor    = "Stephane Piskorski Nicolas Brulez Pierre Eline Frederic D’Haeyer",
  publisher = "Developer Guide",
  year      = 2012,
  language  = "english"
}

@book{zap,
  author       = "ivpstore",
  title        = "Запчасти для Parrot ARDrone",
  howpublished = "Свободный доступ",
  year         = 2014,
  url          = {http://ivpstore.ru/katalog/robotyi-i-gadzhetyi/kvadrokoptery/komplektuyushhie/dvigatel-dlya-parrot-ar-drone-20.html},
  urldate      = "10.12.2017",
  language     = "russian"
}

@book{xak,
  author       = "xakep",
  title        = "Обзор возможностей и дополнений Parrot ARDrone",
  howpublished = "Свободный доступ",
  year         = 2008,
  url          = {https://xakep.ru/2012/11/11/ar-drone-2-0/},
  urldate      = "08.12.2017",
  language     = "russian"
}


@book{hab,
  author       = "habrahabr",
  title        = "Квадрокоптер дополненной реальности — обзор AR.Drone 2.0 ",
  howpublished = "Свободный доступ",
  year         = 2006,
  url          = {https://habrahabr.ru/post/160251/},
  urldate      = "29.11.2012",
  language     = "russian"
}

@book{geek,
  author       = "geektimes",
  title        = "Классы квадрокоптеров – какие бывают и для чего используются",
  howpublished = "Свободный доступ",
  year         = 2006,
  url          = {https://habrahabr.ru/post/160251/},
  urldate      = "25.01.2016",
  language     = "russian"
}

@book{kvadr,
  author       = "kvadrokopters",
  title        = "Мультикоптеры",
  howpublished = "Свободный доступ",
  year         = 2006,
  url          = {http://kvadrokopters.com/ustrojstvo-kvadrokoptera/https:/ru.wikipedia.org/wiki/Multicopters},
  urldate      = "16.05.2015",
  language     = "russian"
}

@book{Thes,
  author    = "Ivan Monzon",
  title     = "Developing a ROS Enabled Full
Autonomous Quadrotor",
  address   = "М.",
  publisher = "Science Magazine",
  year      = 2013,
  language  = "english"
}

@book{Thes1,
  author    = "Andreas Svendby",
  title     = "Evaluation of shared tuple spaces as communication
model for semi-autonomous robots in a mobile
environment",
  address   = "М.",
  publisher = " Computer Science Magazine",
  year      = 2012,
  language  = "english"
}

